<record><leader>00000cas a22000007a 4500</leader><controlfield tag="001">12891209</controlfield><controlfield tag="008">851210d19201996inudn ne      0    0eng d</controlfield><datafield ind1=" " ind2=" " tag="010"><subfield code="a">sn 85048227 </subfield></datafield><datafield ind1=" " ind2=" " tag="040"><subfield code="a">NPI</subfield><subfield code="b">eng</subfield><subfield code="c">NPI</subfield><subfield code="d">OCLCQ</subfield></datafield><datafield ind1=" " ind2=" " tag="042"><subfield code="a">msc</subfield></datafield><datafield ind1="0" ind2="0" tag="245"><subfield code="a">Connersville news-examiner.</subfield></datafield><datafield ind1="3" ind2="0" tag="246"><subfield code="a">Connersville news and examiner</subfield></datafield><datafield ind1=" " ind2=" " tag="260"><subfield code="a">Connersville, Ind. :</subfield><subfield code="b">News-Examiner Co.,</subfield><subfield code="c">1920-1996.</subfield></datafield><datafield ind1=" " ind2=" " tag="300"><subfield code="a">77 v. :</subfield><subfield code="b">ill. ;</subfield><subfield code="c">58 cm.</subfield></datafield><datafield ind1=" " ind2=" " tag="310"><subfield code="a">Daily (except Sun.)</subfield></datafield><datafield ind1="0" ind2=" " tag="362"><subfield code="a">Vol. 32, no. 177 (Jan. 2, 1920)-v. 108, no. 226 (July 13, 1996).</subfield></datafield><datafield ind1=" " ind2=" " tag="500"><subfield code="a">Prior to Jan. 24, 1920 the title was: Connersville news and examiner.</subfield></datafield><datafield ind1=" " ind2=" " tag="500"><subfield code="a">Established by: Edwin W. Tatman.</subfield></datafield><datafield ind1=" " ind2=" " tag="752"><subfield code="a">United States</subfield><subfield code="b">Indiana</subfield><subfield code="c">Fayette</subfield><subfield code="d">Connersville.</subfield></datafield><datafield ind1="0" ind2="4" tag="780"><subfield code="t">Evening news (Connersville, Ind.)</subfield><subfield code="w">(DLC)sn 85048225</subfield></datafield><datafield ind1="0" ind2="4" tag="780"><subfield code="t">Daily examiner (Connersville, Ind.)</subfield><subfield code="w">(DLC)sn 95067510</subfield></datafield><datafield ind1="0" ind2="0" tag="785"><subfield code="t">News-examiner (Connersville, Ind.)</subfield><subfield code="w">(DLC)sn 99063508</subfield></datafield></record>